{
  "leader": "04388cam a2200637 i 4500",
  "fields": [
    {
      "001": "ocm05311048\\"
    },
    {
      "003": "OCoLC"
    },
    {
      "005": "20210803164007.0"
    },
    {
      "008": "790803s1979\\\\\\\\nyu\\\\\\\\\\\\\\\\\\\\\\000\\0\\eng\\\\"
    },
    {
      "010": {
        "ind1": "\\",
        "ind2": "\\",
        "subfields": [
          {
            "a": "   79002218 "
          }
        ]
      }
    },
    {
      "040": {
        "ind1": "\\",
        "ind2": "\\",
        "subfields": [
          {
            "a": "DLC"
          },
          {
            "b": "eng"
          },
          {
            "c": "DLC"
          },
          {
            "d": "BAKER"
          },
          {
            "d": "BTCTA"
          },
          {
            "d": "MNJ"
          },
          {
            "d": "DEBBG"
          },
          {
            "d": "TXTCP"
          },
          {
            "d": "OCLCQ"
          },
          {
            "d": "GBVCP"
          },
          {
            "d": "OCLCF"
          },
          {
            "d": "OCLCA"
          },
          {
            "d": "OCLCQ"
          },
          {
            "d": "OCL"
          },
          {
            "d": "YDXCP"
          },
          {
            "d": "PHUST"
          },
          {
            "d": "QGE"
          },
          {
            "d": "YT6"
          },
          {
            "d": "BDP"
          }
        ]
      }
    },
    {
      "019": {
        "ind1": "\\",
        "ind2": "\\",
        "subfields": [
          {
            "a": "5858481"
          },
          {
            "a": "5900430"
          },
          {
            "a": "5905083"
          },
          {
            "a": "1020242478"
          },
          {
            "a": "1166464761"
          },
          {
            "a": "1166528565"
          }
        ]
      }
    },
    {
      "020": {
        "ind1": "\\",
        "ind2": "\\",
        "subfields": [
          {
            "a": "0394503643 :"
          },
          {
            "c": "{dollar}10.95"
          }
        ]
      }
    },
    {
      "020": {
        "ind1": "\\",
        "ind2": "\\",
        "subfields": [
          {
            "a": "9780394503646"
          }
        ]
      }
    },
    {
      "035": {
        "ind1": "\\",
        "ind2": "\\",
        "subfields": [
          {
            "a": "(OCoLC)5311048"
          },
          {
            "z": "(OCoLC)5858481"
          },
          {
            "z": "(OCoLC)5900430"
          },
          {
            "z": "(OCoLC)5905083"
          },
          {
            "z": "(OCoLC)1020242478"
          },
          {
            "z": "(OCoLC)1166464761"
          },
          {
            "z": "(OCoLC)1166528565"
          }
        ]
      }
    },
    {
      "043": {
        "ind1": "\\",
        "ind2": "\\",
        "subfields": [
          {
            "a": "n-us---"
          }
        ]
      }
    },
    {
      "050": {
        "ind1": "0",
        "ind2": "0",
        "subfields": [
          {
            "a": "E855"
          },
          {
            "b": ".C67"
          }
        ]
      }
    },
    {
      "055": {
        "ind1": "\\",
        "ind2": "4",
        "subfields": [
          {
            "a": "E855 C66"
          }
        ]
      }
    },
    {
      "082": {
        "ind1": "0",
        "ind2": "0",
        "subfields": [
          {
            "a": ""
          },
          {
            "a": "973.92"
          },
          {
            "b": "COO"
          }
        ]
      }
    },
    {
      "090": {
        "ind1": "\\",
        "ind2": "\\",
        "subfields": [
          {
            "a": "E855"
          },
          {
            "b": ".C67 1979"
          }
        ]
      }
    },
    {
      "100": {
        "ind1": "1",
        "ind2": "\\",
        "subfields": [
          {
            "a": "Cooke, Alistair,"
          },
          {
            "d": "1908-2004."
          }
        ]
      }
    },
    {
      "245": {
        "ind1": "1",
        "ind2": "4",
        "subfields": [
          {
            "a": "The Americans :"
          },
          {
            "b": "fifty talks on our life and times /"
          },
          {
            "c": "Alistair Cooke."
          }
        ]
      }
    },
    {
      "250": {
        "ind1": "\\",
        "ind2": "\\",
        "subfields": [
          {
            "a": "1st ed."
          }
        ]
      }
    },
    {
      "260": {
        "ind1": "\\",
        "ind2": "\\",
        "subfields": [
          {
            "a": "New York :"
          },
          {
            "b": "Knopf :"
          },
          {
            "b": "Distributed by Random House,"
          },
          {
            "c": "1979."
          }
        ]
      }
    },
    {
      "300": {
        "ind1": "\\",
        "ind2": "\\",
        "subfields": [
          {
            "a": "ix, 272 pages ;"
          },
          {
            "c": "25 cm"
          }
        ]
      }
    },
    {
      "336": {
        "ind1": "\\",
        "ind2": "\\",
        "subfields": [
          {
            "a": "text"
          },
          {
            "b": "txt"
          },
          {
            "2": "rdacontent"
          }
        ]
      }
    },
    {
      "337": {
        "ind1": "\\",
        "ind2": "\\",
        "subfields": [
          {
            "a": "unmediated"
          },
          {
            "b": "n"
          },
          {
            "2": "rdamedia"
          }
        ]
      }
    },
    {
      "338": {
        "ind1": "\\",
        "ind2": "\\",
        "subfields": [
          {
            "a": "volume"
          },
          {
            "b": "nc"
          },
          {
            "2": "rdacarrier"
          }
        ]
      }
    },
    {
      "500": {
        "ind1": "\\",
        "ind2": "\\",
        "subfields": [
          {
            "a": "Contains 50 talks from the author's radio program Letter from America."
          }
        ]
      }
    },
    {
      "505": {
        "ind1": "0",
        "ind2": "\\",
        "subfields": [
          {
            "a": "Telling one country about another -- Making a home of a house -- Pegler -- Liable to get your head broke -- \"Eternal vigilance\"-- by whom? -- Massacre : an act of war -- La Fayette si\u0301, Pompidou no! -- Now here is the nightly news -- Final health warning -- Judgment Day's a-comin' -- The last of the Romanoffs -- The Acheson plan -- A \"frontal attack\" on cancer -- The charm of China -- Angela Davis v. the Establishment -- Watergate : act one -- Justice Holmes and the doffed bikini -- Give thanks for what? -- A reactionary at six p.m. -- Watergate : act two -- Intermission : the Agnew wake -- Watergate : act three -- The Duke -- Earl Warren -- Watergate : act four -- Workers, arise! Shout \"Fore!\" -- The benefits of clergy -- The end of the affair -- The president goes up to the mountain -- Pacific overtures -- Haight-Ashbury drying out -- I'm all right, Jack -- No Cabinet officers need apply -- Christmas in Vermont -- The obscenity business -- The no-food plan for longevity -- The money game -- Mr. Olmsted's park -- The retiring kind -- Two for the road -- A picture on the wall -- The spy that came down in the cold -- A \"proper\" wedding -- Please die before noon -- The hawk and the gorilla -- A letter from Long Island -- The letter from Long Island -- The presidential ear -- A piece of paper -- In the meantime."
          }
        ]
      }
    },
    {
      "520": {
        "ind1": "\\",
        "ind2": "\\",
        "subfields": [
          {
            "a": "Contains fifty talks from the author's radio program \"Letters from America,\" commenting on American life from 1969 to 1979."
          }
        ]
      }
    },
    {
      "651": {
        "ind1": "\\",
        "ind2": "0",
        "subfields": [
          {
            "a": "United States"
          },
          {
            "x": "Politics and government"
          },
          {
            "y": "1969-1974."
          }
        ]
      }
    },
    {
      "651": {
        "ind1": "\\",
        "ind2": "0",
        "subfields": [
          {
            "a": "United States"
          },
          {
            "x": "Politics and government"
          },
          {
            "y": "1974-1977."
          }
        ]
      }
    },
    {
      "651": {
        "ind1": "\\",
        "ind2": "0",
        "subfields": [
          {
            "a": "United States"
          },
          {
            "x": "Politics and government"
          },
          {
            "y": "1977-1981."
          }
        ]
      }
    },
    {
      "651": {
        "ind1": "\\",
        "ind2": "0",
        "subfields": [
          {
            "a": "United States"
          },
          {
            "x": "Social life and customs"
          },
          {
            "y": "1971-"
          }
        ]
      }
    },
    {
      "650": {
        "ind1": "\\",
        "ind2": "4",
        "subfields": [
          {
            "a": "United States"
          },
          {
            "x": "Politics and government"
          },
          {
            "x": "1969-1974"
          },
          {
            "x": "Addresses, essays, lectures."
          }
        ]
      }
    },
    {
      "650": {
        "ind1": "\\",
        "ind2": "4",
        "subfields": [
          {
            "a": "United States"
          },
          {
            "x": "Politics and government"
          },
          {
            "x": "1974-1977"
          },
          {
            "x": "Addresses, essays, lectures."
          }
        ]
      }
    },
    {
      "650": {
        "ind1": "\\",
        "ind2": "4",
        "subfields": [
          {
            "a": "United States"
          },
          {
            "x": "Politics and government"
          },
          {
            "x": "1977-"
          },
          {
            "x": "Addresses, essays, lectures."
          }
        ]
      }
    },
    {
      "650": {
        "ind1": "\\",
        "ind2": "4",
        "subfields": [
          {
            "a": "United States"
          },
          {
            "x": "Social life and customs"
          },
          {
            "x": "1971"
          },
          {
            "x": "Addresses, essays, lectures."
          }
        ]
      }
    },
    {
      "650": {
        "ind1": "\\",
        "ind2": "7",
        "subfields": [
          {
            "a": "Manners and customs."
          },
          {
            "2": "fast"
          },
          {
            "0": "(OCoLC)fst01007815"
          }
        ]
      }
    },
    {
      "650": {
        "ind1": "\\",
        "ind2": "7",
        "subfields": [
          {
            "a": "Politics and government"
          },
          {
            "2": "fast"
          },
          {
            "0": "(OCoLC)fst01919741"
          }
        ]
      }
    },
    {
      "651": {
        "ind1": "\\",
        "ind2": "7",
        "subfields": [
          {
            "a": "United States."
          },
          {
            "2": "fast"
          },
          {
            "0": "(OCoLC)fst01204155"
          }
        ]
      }
    },
    {
      "651": {
        "ind1": "\\",
        "ind2": "1",
        "subfields": [
          {
            "a": "United States"
          },
          {
            "x": "Politics and government"
          },
          {
            "y": "1969-1974."
          }
        ]
      }
    },
    {
      "651": {
        "ind1": "\\",
        "ind2": "1",
        "subfields": [
          {
            "a": "United States"
          },
          {
            "x": "Politics and government"
          },
          {
            "y": "1974-1977."
          }
        ]
      }
    },
    {
      "651": {
        "ind1": "\\",
        "ind2": "1",
        "subfields": [
          {
            "a": "United States"
          },
          {
            "x": "Politics and government"
          },
          {
            "y": "1977-1981."
          }
        ]
      }
    },
    {
      "651": {
        "ind1": "\\",
        "ind2": "1",
        "subfields": [
          {
            "a": "United States"
          },
          {
            "x": "Social life and customs"
          },
          {
            "y": "1971-"
          }
        ]
      }
    },
    {
      "648": {
        "ind1": "\\",
        "ind2": "7",
        "subfields": [
          {
            "a": "Since 1969"
          },
          {
            "2": "fast"
          }
        ]
      }
    },
    {
      "653": {
        "ind1": "\\",
        "ind2": "0",
        "subfields": [
          {
            "a": "United States"
          },
          {
            "a": "Politics and government"
          },
          {
            "a": "1969-1974"
          }
        ]
      }
    },
    {
      "653": {
        "ind1": "\\",
        "ind2": "0",
        "subfields": [
          {
            "a": "United States"
          },
          {
            "a": "Politics and government"
          },
          {
            "a": "1974-1977"
          }
        ]
      }
    },
    {
      "653": {
        "ind1": "\\",
        "ind2": "0",
        "subfields": [
          {
            "a": "United States"
          },
          {
            "a": "Politics and government"
          },
          {
            "a": "1977-1981"
          }
        ]
      }
    },
    {
      "653": {
        "ind1": "\\",
        "ind2": "0",
        "subfields": [
          {
            "a": "United States"
          },
          {
            "a": "Social life and customs"
          },
          {
            "a": "1971-"
          }
        ]
      }
    },
    {
      "730": {
        "ind1": "0",
        "ind2": "\\",
        "subfields": [
          {
            "a": "Letter from America (Radio program)"
          }
        ]
      }
    },
    {
      "776": {
        "ind1": "0",
        "ind2": "8",
        "subfields": [
          {
            "i": "Online version:"
          },
          {
            "a": "Cooke, Alistair, 1908-2004."
          },
          {
            "t": "Americans."
          },
          {
            "b": "1st ed."
          },
          {
            "d": "New York : Knopf : distributed by Random House, 1979"
          },
          {
            "w": "(OCoLC)647094217"
          }
        ]
      }
    },
    {
      "994": {
        "ind1": "\\",
        "ind2": "\\",
        "subfields": [
          {
            "a": "Z0"
          },
          {
            "b": "NYRVC"
          }
        ]
      }
    },
    {
      "948": {
        "ind1": "\\",
        "ind2": "\\",
        "subfields": [
          {
            "h": "NO HOLDINGS IN NYRVC - 1534 OTHER HOLDINGS"
          }
        ]
      }
    },
    {
      "999": {
        "ind1": "\\",
        "ind2": "\\",
        "subfields": [
          {
            "a": "no barcode"
          }
        ]
      }
    }
  ]
}